
@book {Diehl,
AUTHOR = {Moritz Diehl and S'ebastien Gros},
TITLE = {Numerical Optimal Control},
Year = 2017
note = Accessed: 01-08-2020
howpublished = "\url{https://www.syscop.de/files/2017ss/NOC/script/book-NOCSE.pdf}"
}

@article{Rao-methods,
author = {Rao, Anil},
year = {2010},
month = {01},
pages = {},
title = {A Survey of Numerical Methods for Optimal Control},
volume = {135},
journal = {Advances in the Astronautical Sciences}
}

@article{Rao-ph,
author = {Patterson, Michael and Hager, William and Rao, Anil},
year = {2014},
month = {02},
pages = {},
title = {A ph mesh refinement method for optimal control},
volume = {36},
journal = {Optimal Control Applications and Methods},
doi = {10.1002/oca.2114}
}